<record><leader>00000cas a22000007a 4500</leader><controlfield tag="001">12305168</controlfield><controlfield tag="008">850725d18981902wiuwr ne      0    0eng d</controlfield><datafield ind1=" " ind2=" " tag="010"><subfield code="a">sn 85040875 </subfield></datafield><datafield ind1=" " ind2=" " tag="040"><subfield code="a">NPV</subfield><subfield code="b">eng</subfield><subfield code="c">NPV</subfield><subfield code="d">OCLCQ</subfield></datafield><datafield ind1=" " ind2=" " tag="042"><subfield code="a">msc</subfield></datafield><datafield ind1=" " ind2=" " tag="045"><subfield code="a">w9x0</subfield></datafield><datafield ind1=" " ind2=" " tag="052"><subfield code="a">4123</subfield><subfield code="b">C7</subfield></datafield><datafield ind1="0" ind2=" " tag="130"><subfield code="a">Advance (Soldiers Grove, Wis.)</subfield></datafield><datafield ind1="1" ind2="4" tag="245"><subfield code="a">The advance.</subfield></datafield><datafield ind1="1" ind2="3" tag="246"><subfield code="a">Crawford Co. advance</subfield></datafield><datafield ind1="1" ind2="3" tag="246"><subfield code="a">Crawford County advance</subfield></datafield><datafield ind1=" " ind2=" " tag="260"><subfield code="a">Soldiers Grove, Wis. :</subfield><subfield code="b">G.E. Anderson,</subfield><subfield code="c">1898-</subfield></datafield><datafield ind1=" " ind2=" " tag="300"><subfield code="a">v. :</subfield><subfield code="b">ill.</subfield></datafield><datafield ind1=" " ind2=" " tag="310"><subfield code="a">Weekly</subfield></datafield><datafield ind1="0" ind2=" " tag="362"><subfield code="a">Vol. 14, no. 31 (Feb. 4, 1898)-</subfield></datafield><datafield ind1="1" ind2=" " tag="362"><subfield code="a">Ceased in 1902.</subfield><subfield code="z">Cf. Oehlerts, d. Guide to Wis. newspapers.</subfield></datafield><datafield ind1=" " ind2=" " tag="500"><subfield code="a">Editor: G.E. Anderson, Feb. 4, 1898-June 15, 1899; G.L. Miller, Sept. 8, 1899-March 28, 1902; C.A. Cryderman, Oct. 30-&lt;Dec. 25, 1902&gt;.</subfield></datafield><datafield ind1=" " ind2=" " tag="530"><subfield code="a">Available on microfilm from The State Historical Society of Wisconsin.</subfield></datafield><datafield ind1=" " ind2=" " tag="752"><subfield code="a">United States</subfield><subfield code="b">Wisconsin</subfield><subfield code="c">Crawford</subfield><subfield code="d">Soldiers Grove.</subfield></datafield><datafield ind1="0" ind2="0" tag="780"><subfield code="t">Crawford County advance</subfield><subfield code="w">(DLC)sn 85040874</subfield></datafield><datafield ind1="1" ind2=" " tag="029"><subfield code="a">AU@</subfield><subfield code="b">000025806947</subfield></datafield></record>